@online{predictit,
    title={PredictIt},
    note = { av predictit.org}
}

@electronic{def,
    title={Prediction Market},
    note={a https://www.investopedia.com/terms/p/prediction-market.asp}
    
}

@electronic{trump,
    title = {Donald J. Trump},
    note={ abc https://twitter.com/realDonaldTrump}
}

@electronic{trading,
    title = {Donald J. Trump},
    note={https://www.predictit.org/support/how-to-trade-on-predictit}
}